@article{knuth84,
  author = {Knuth, Donald E.},
  title = {Literate Programming},
  year = {1984},
  issue_date = {May 1984},
  publisher = {Oxford University Press, Inc.},
  address = {USA},
  volume = {27},
  number = {2},
  issn = {0010-4620},
  url = {https://doi.org/10.1093/comjnl/27.2.97},
  doi = {10.1093/comjnl/27.2.97},
  journal = {Comput. J.},
  month = may,
  pages = {97â€“111},
  numpages = {15}
}

@article{polack2020safety,
  title={Safety and efficacy of the BNT162b2 mRNA Covid-19 vaccine},
  author={Polack, Fernando P and Thomas, Stephen J and Kitchin, Nicholas and Absalon, Judith and Gurtman, Alejandra and Lockhart, Stephen and Perez, John L and P{\'e}rez Marc, Gonzalo and Moreira, Edson D and Zerbini, Cristiano and others},
  journal={New England journal of medicine},
  volume={383},
  number={27},
  pages={2603--2615},
  year={2020},
  publisher={Mass Medical Soc}
}


